<record><leader>00000cas a22000007a 4500</leader><controlfield tag="001">11093699</controlfield><controlfield tag="008">840827d18721874iauwr ne      0    0eng d</controlfield><datafield ind1=" " ind2=" " tag="010"><subfield code="a">sn 84027397 </subfield></datafield><datafield ind1=" " ind2=" " tag="040"><subfield code="a">NPU</subfield><subfield code="b">eng</subfield><subfield code="c">NPU</subfield><subfield code="d">INP</subfield><subfield code="d">OCLCQ</subfield></datafield><datafield ind1=" " ind2=" " tag="042"><subfield code="a">msc</subfield></datafield><datafield ind1="0" ind2=" " tag="130"><subfield code="a">Wyoming journal (Wyoming, Iowa : 1872)</subfield></datafield><datafield ind1="1" ind2="4" tag="245"><subfield code="a">The Wyoming journal.</subfield></datafield><datafield ind1=" " ind2=" " tag="260"><subfield code="a">Wyoming, Iowa :</subfield><subfield code="b">Jones &amp; Co.</subfield></datafield><datafield ind1=" " ind2=" " tag="300"><subfield code="a">v. ;</subfield><subfield code="c">61 cm.</subfield></datafield><datafield ind1=" " ind2=" " tag="310"><subfield code="a">Weekly</subfield></datafield><datafield ind1="1" ind2=" " tag="362"><subfield code="a">Began in 1872; ceased in 1874?</subfield><subfield code="z">Cf. Bibl. of Iowa newspapers, 1836-1976.</subfield></datafield><datafield ind1=" " ind2=" " tag="500"><subfield code="a">"Republican paper, devoted to the interests of home and the County."</subfield></datafield><datafield ind1=" " ind2=" " tag="500"><subfield code="a">Published every Wednesday.</subfield></datafield><datafield ind1=" " ind2=" " tag="588"><subfield code="a">Description based on: Vol. 1, no. 52 (Mar. 19, 1873).</subfield></datafield><datafield ind1=" " ind2=" " tag="752"><subfield code="a">United States</subfield><subfield code="b">Iowa</subfield><subfield code="c">Jones</subfield><subfield code="d">Wyoming.</subfield></datafield></record>